@misc{Evans2011,
  author       = {Evans, Dave},
  title        = {The Internet of Things: How the Next Evolution of the Internet Is Changing Everything},
  howpublished = {Cisco White Paper},
  year         = {2011}
}

@misc{Cisco2014,
  author       = {Cisco Systems, Inc.},
  title        = {The Internet of Things Reference Model},
  howpublished = {Cisco White Paper},
  year         = {2014}
}

@inproceedings{thramboulidis_cyber-physical_2018,
  title={Cyber-physical microservices: An IoT-based framework for manufacturing systems},
  author={Thramboulidis, Kleanthis and Vachtsevanou, Danai C and Solanos, Alexandros},
  booktitle={2018 IEEE Industrial Cyber-Physical Systems (ICPS)},
  pages={232--239},
  year={2018},
  organization={IEEE},
}

@article{atzori_internet_2010,
	title = {The Internet of Things: A survey},
	volume = {54},
	issn = {1389-1286},
	url = {https://www.sciencedirect.com/science/article/pii/S1389128610001568},
	doi = {10.1016/j.comnet.2010.05.010},
	shorttitle = {The Internet of Things},
	pages = {2787--2805},
	number = {15},
	journaltitle = {Computer Networks},
	shortjournal = {Computer Networks},
	author = {Atzori, Luigi and Iera, Antonio and Morabito, Giacomo},
	date = {2010-10-28},
	keywords = {Internet of Things, Pervasive computing, {RFID} systems},
	file = {ScienceDirect Snapshot:/home/thankala/Zotero/storage/3YIYJ625/S1389128610001568.html:text/html},
}

@article{gubbi_internet_2013,
	title = {Internet of Things ({IoT}): A vision, architectural elements, and future directions},
	volume = {29},
	issn = {0167-739X},
	url = {https://www.sciencedirect.com/science/article/pii/S0167739X13000241},
	doi = {10.1016/j.future.2013.01.010},
	shorttitle = {Internet of Things ({IoT})},
	pages = {1645--1660},
	number = {7},
	journaltitle = {Future Generation Computer Systems},
	shortjournal = {Future Generation Computer Systems},
	author = {Gubbi, Jayavardhana and Buyya, Rajkumar and Marusic, Slaven and Palaniswami, Marimuthu},
	date = {2013-09-01},
	keywords = {Internet of Things, Cloud computing, {RFID}, Smart environments, Ubiquitous sensing, Wireless sensor networks},
}

@article{weber_internet_2010,
	title = {Internet of Things â€“ New security and privacy challenges},
	volume = {26},
	issn = {0267-3649},
	url = {https://www.sciencedirect.com/science/article/pii/S0267364909001939},
	doi = {10.1016/j.clsr.2009.11.008},
	pages = {23--30},
	number = {1},
	journaltitle = {Computer Law \& Security Review},
	shortjournal = {Computer Law \& Security Review},
	author = {Weber, Rolf H.},
	date = {2010-01-01},
	keywords = {Internet of Things, {RFID}, Data protection, Privacy, Security},
	file = {ScienceDirect Snapshot:/home/thankala/Zotero/storage/GJATS9FT/S0267364909001939.html:text/html},
}

@inproceedings{Lee2008,
  author    = {Lee, Edward A.},
  title     = {Cyber Physical Systems: Design Challenges},
  booktitle = {11th IEEE International Symposium on Object Oriented Real-Time Distributed Computing},
  pages     = {363--369},
  year      = {2008},
  organization={IEEE}
}

@inproceedings{Rajkumar2010,
  author    = {Rajkumar, Ragunathan and Lee, Insup and Sha, Lui and Stankovic, John},
  title     = {Cyber-physical Systems: The Next Computing Revolution},
  booktitle = {Design Automation Conference (DAC)},
  pages     = {731--736},
  year      = {2010},
  organization={ACM/IEEE}
}

@misc{Baheti2011,
  author       = {Baheti, R. and Gill, H.},
  title        = {Cyber-Physical Systems},
  howpublished = {Online: \url{https://www.nsf.gov/pubs/2011/nsf11033/nsf11033.jsp}},
  year         = {2011},
}